
@online{gplv3,
  title        = {{G}{N}{U} {G}eneral {P}ublic {L}icense},
  version      = {3},
  shorthand    = {GPL},
  organization = {Free Software Foundation},
  url          = {http://www.gnu.org/licenses/gpl.html},
  pagination   = {section},
  language     = {english},
  date         = {29 June 2007}
  }
  
  
@online{agplv3,
  title        = {{G}{N}{U} {A}ffero {G}eneral {P}ublic {L}icense},
  version      = {3},
  shorthand    = {AGPL},
  organization = {Free Software Foundation},
  url          = {https://www.gnu.org/licenses/agpl-3.0.html},
  pagination   = {section},
  language     = {english},
  date         = {19 November 2007}
}

@online{mit,
  title        = {{M}{I}{T} {L}icense},
  version      = {0},
  shorthand    = {MIT},
  organization = {Institute of Massachusetts},
  url          = {https://opensource.org/licenses/mit-license.php},
  pagination   = {section},
  language     = {english},
  year		  = {2000}
}

@online{bsd,
  title        = {{F}ree{B}{S}{D} {L}icense},
  version      = {1.3},
  shorthand    = {BSD},
  organization = {University of Berkeley},
  url          = {https://www.debian.org/misc/bsd.license},
  pagination   = {section},
  language     = {english},
  year		  = {2000}
}

 
@ARTICLE{saunders_estimating_2007,
        title = {Estimating genotyping error rates from {Mendelian} errors in {SNP} array genotypes and their impact on inference},
        volume = {90},
        issn = {08887543},
        url = {http://linkinghub.elsevier.com/retrieve/pii/S088875430700136X},
        doi = {10.1016/j.ygeno.2007.05.011},
        language = {en},
        number = {3},
        urldate = {2016-06-22},
        journal = {Genomics},
        author = {Saunders, Ian W. and Brohede, Jesper and Hannan, Garry N.},
        month = sep,
        year = {2007},
        pages = {291--296},
        file = {genotypic_error_rates.pdf:/home/tetron/.zotero/zotero/911t4bhn.default/zotero/storage/E964EBIN/genotypic_error_rates.pdf:application/pdf}
}


